<mx:record xmlns="http://www.w3.org/TR/xhtml1/strict" xmlns:mx="http://www.loc.gov/MARC21/slim" xmlns:xsi="http://www.w3.org/2001/XMLSchema-instance"><mx:leader>00000cz   2200000n  4500</mx:leader><mx:controlfield tag="001">oca00289280 </mx:controlfield><mx:controlfield tag="005">20050513135331.0</mx:controlfield><mx:controlfield tag="008">790702n| adannaabn           a aaa      </mx:controlfield><mx:datafield ind1=" " ind2=" " tag="010"><mx:subfield code="a">n  79056176 </mx:subfield></mx:datafield><mx:datafield ind1=" " ind2=" " tag="040"><mx:subfield code="a">DLC</mx:subfield><mx:subfield code="b">eng</mx:subfield><mx:subfield code="c">DLC</mx:subfield><mx:subfield code="d">DLC</mx:subfield><mx:subfield code="d">CSmH</mx:subfield><mx:subfield code="d">INS-SF</mx:subfield><mx:subfield code="d">DLC</mx:subfield><mx:subfield code="d">OCoLC</mx:subfield></mx:datafield><mx:datafield ind1=" " ind2="0" tag="053"><mx:subfield code="a">PA8553</mx:subfield><mx:subfield code="c">Latin</mx:subfield></mx:datafield><mx:datafield ind1=" " ind2="0" tag="053"><mx:subfield code="a">PR2321</mx:subfield><mx:subfield code="b">PR2322</mx:subfield><mx:subfield code="c">English</mx:subfield></mx:datafield><mx:datafield ind1="1" ind2=" " tag="100"><mx:subfield code="a">More, Thomas,</mx:subfield><mx:subfield code="c">Sir, Saint,</mx:subfield><mx:subfield code="d">1478-1535</mx:subfield></mx:datafield><mx:datafield ind1="1" ind2=" " tag="400"><mx:subfield code="a">Morus, Thomas,</mx:subfield><mx:subfield code="c">Sir, Saint,</mx:subfield><mx:subfield code="d">1478-1535</mx:subfield></mx:datafield><mx:datafield ind1="1" ind2=" " tag="400"><mx:subfield code="a">Mor, Tomas,</mx:subfield><mx:subfield code="c">Sir, Saint,</mx:subfield><mx:subfield code="d">1478-1535</mx:subfield></mx:datafield><mx:datafield ind1="1" ind2=" " tag="400"><mx:subfield code="a">More, Tomás,</mx:subfield><mx:subfield code="c">Sir, Saint,</mx:subfield><mx:subfield code="d">1478-1535</mx:subfield></mx:datafield><mx:datafield ind1="1" ind2=" " tag="400"><mx:subfield code="a">Moro, Tomás,</mx:subfield><mx:subfield code="c">Sir, Saint,</mx:subfield><mx:subfield code="d">1478-1535</mx:subfield></mx:datafield><mx:datafield ind1="1" ind2=" " tag="400"><mx:subfield code="a">Moro, Thomaz,</mx:subfield><mx:subfield code="c">Sir, Saint,</mx:subfield><mx:subfield code="d">1478-1535</mx:subfield></mx:datafield><mx:datafield ind1="1" ind2=" " tag="400"><mx:subfield code="a">Moor, Thomas,</mx:subfield><mx:subfield code="c">Sir, Saint,</mx:subfield><mx:subfield code="d">1478-1535</mx:subfield></mx:datafield><mx:datafield ind1="1" ind2=" " tag="400"><mx:subfield code="a">Moro, Tommaso,</mx:subfield><mx:subfield code="c">Sir, Saint,</mx:subfield><mx:subfield code="d">1478-1535</mx:subfield></mx:datafield><mx:datafield ind1="1" ind2=" " tag="400"><mx:subfield code="a">Morus, Tamás,</mx:subfield><mx:subfield code="c">Sir, Saint,</mx:subfield><mx:subfield code="d">1478-1535</mx:subfield></mx:datafield><mx:datafield ind1="1" ind2=" " tag="400"><mx:subfield code="a">Moore, Thomas,</mx:subfield><mx:subfield code="c">Sir, Saint,</mx:subfield><mx:subfield code="d">1478-1535</mx:subfield></mx:datafield><mx:datafield ind1=" " ind2=" " tag="670"><mx:subfield code="a">His A dialogue of comfort against tribulation, c1937.</mx:subfield></mx:datafield><mx:datafield ind1=" " ind2=" " tag="670"><mx:subfield code="a">Moser, F. de M. Tomás More e os caminhos da perfeição humana, c1982:</mx:subfield><mx:subfield code="b">t.p. (Tomás More) p. 9 (Tomás Moro; Thomaz Moro)</mx:subfield></mx:datafield><mx:datafield ind1=" " ind2=" " tag="670"><mx:subfield code="a">InU/Wing STC files</mx:subfield><mx:subfield code="b">(usage: Sir Thomas Moor)</mx:subfield></mx:datafield><mx:datafield ind1=" " ind2=" " tag="670"><mx:subfield code="a">Quarta, C. Tommaso Moro, c1991:</mx:subfield><mx:subfield code="b">t.p. (Tommaso Moro)</mx:subfield></mx:datafield><mx:datafield ind1=" " ind2=" " tag="670"><mx:subfield code="a">His Utópia, 1989:</mx:subfield><mx:subfield code="b">t.p. (Morus Tamás)</mx:subfield></mx:datafield><mx:datafield ind1=" " ind2=" " tag="670"><mx:subfield code="a">Witty apophthegms delivered at several times, and upon severall occasions, 1658:</mx:subfield><mx:subfield code="b">t.p. (Sir Thomas Moore) added t.p. (Sr. Tho. More)</mx:subfield></mx:datafield><mx:datafield ind1=" " ind2=" " tag="678"><mx:subfield code="a">canonized 19 May 1935</mx:subfield></mx:datafield></mx:record>